@article{coevolutionary-artwork,
	title={Simulated aesthetics and evolving artworks: A coevolutionary approach},
	author={Greenfield, Gary R},
	journal={Leonardo},
	volume={35},
	number={3},
	pages={283--289},
	year={2002},
	publisher={MIT Press}
}

@inproceedings{nevar,
	title={NEvAr--the assessment of an evolutionary art tool},
	author={Machado, Penousal and Cardoso, Am{\'\i}lcar},
	booktitle={Proceedings of the AISB00 Symposium on Creative \& Cultural Aspects and Applications of AI \& Cognitive Science, Birmingham, UK},
	volume={456},
	year={2000}
}

@article{sims,
	title={Interactive evolution of equations for procedural models},
	author={Sims, Karl},
	journal={The Visual Computer},
	volume={9},
	number={8},
	pages={466--476},
	year={1993},
	publisher={Springer}
}

@inproceedings{aesthetic-measures,
	title={Evolutionary image synthesis using a model of aesthetics},
	author={Ross, Brian J and Ralph, William and Zong, Hai},
	booktitle={2006 IEEE International Conference on Evolutionary Computation},
	pages={1087--1094},
	year={2006},
	organization={IEEE}
}

@article{birth-death-amplifiers,
	title={Most undirected random graphs are amplifiers of selection for birth-death dynamics, but suppressors of selection for death-birth dynamics},
	author={Hindersin, Laura and Traulsen, Arne},
	journal={PLoS computational biology},
	volume={11},
	number={11},
	pages={e1004437},
	year={2015},
	publisher={Public Library of Science}
}

@inproceedings{distributed-evolutionary-art,
	title={Maintaining population diversity in evolutionary art using structured populations},
	author={den Heijer, Eelco and Eiben, AE},
	booktitle={2013 IEEE Congress on Evolutionary Computation},
	pages={529--536},
	year={2013},
	organization={IEEE}
}
http://eelcodenheijer.nl/publications/Eelco-den-Heijer-and-Guszti-Eiben-Maintaining-Population-Diversity-in-Evolutionary-Art-Using-Structured-Populations-2013.pdf
Using a distributed approach to increase population diversity through a number of techniques including Island Models and Cellular Evolutionary Algorithms (CEA).

@article{cooperation-on-graphs,
	title={A simple rule for the evolution of cooperation on graphs and social networks},
	author={Ohtsuki, Hisashi and Hauert, Christoph and Lieberman, Erez and Nowak, Martin A},
	journal={Nature},
	volume={441},
	number={7092},
	pages={502},
	year={2006},
	publisher={Nature Publishing Group}
}
https://www.ncbi.nlm.nih.gov/pmc/articles/PMC2430087/

@article{mixed-games,
	title={Evolutionary mixed games in structured populations: Cooperation and the benefits of heterogeneity},
	author={Amaral, Marco A and Wardil, Lucas and Perc, Matja{\v{z}} and da Silva, Jafferson KL},
	journal={Physical Review E},
	volume={93},
	number={4},
	pages={042304},
	year={2016},
	publisher={APS}
}

@article{lieberman2005evolutionary,
	title={Evolutionary dynamics on graphs},
	author={Lieberman, Erez and Hauert, Christoph and Nowak, Martin A},
	journal={Nature},
	volume={433},
	number={7023},
	pages={312},
	year={2005},
	publisher={Nature Publishing Group}
}

@article{graph-amplifiers,
	title={Construction of arbitrarily strong amplifiers of natural selection using evolutionary graph theory},
	author={Pavlogiannis, Andreas and Tkadlec, Josef and Chatterjee, Krishnendu and Nowak, Martin A},
	journal={Communications biology},
	volume={1},
	number={1},
	pages={71},
	year={2018},
	publisher={Nature Publishing Group}
}