@book{cagnoni2007genetic,
	title={Genetic and evolutionary computation for image processing and analysis},
	author={Cagnoni, Stefano and Lutton, Evelyne and Olague, Gustavo},
	year={2007},
	publisher={Hindawi Publishing Corporation New York}
}
	
http://downloads.hindawi.com/books/9789774540011/art01.pdf

@article{picbreeder,
	title={Picbreeder: A case study in collaborative evolutionary exploration of design space},
	author={Secretan, Jimmy and Beato, Nicholas and D'Ambrosio, David B and Rodriguez, Adelein and Campbell, Adam and Folsom-Kovarik, Jeremiah T and Stanley, Kenneth O},
	journal={Evolutionary Computation},
	volume={19},
	number={3},
	pages={373--403},
	year={2011},
	publisher={MIT Press}
}

https://www.mitpressjournals.org/doi/pdfplus/10.1162/EVCO_a_00030

@article{takagi2001interactive,
	title={Interactive evolutionary computation: Fusion of the capabilities of EC optimization and human evaluation},
	author={Takagi, Hideyuki},
	journal={Proceedings of the IEEE},
	volume={89},
	number={9},
	pages={1275--1296},
	year={2001},
	publisher={IEEE}
}
http://sclab.yonsei.ac.kr/courses/09EC/papers/IECsurvey.pdf

@article{paulinas2007survey,
	title={A survey of genetic algorithms applications for image enhancement and segmentation},
	author={Paulinas, Mantas and U{\v{s}}inskas, Andrius},
	journal={Information Technology and control},
	volume={36},
	number={3},
	year={2007}
}
http://www.itc.ktu.lt/index.php/ITC/article/download/11886/6561

@book{romero2008art,
	title={The art of artificial evolution: A handbook on evolutionary art and music},
	author={Romero, Juan J},
	year={2008},
	publisher={Springer Science \& Business Media}
}
http://citeseerx.ist.psu.edu/viewdoc/download?doi=10.1.1.470.2312&rep=rep1&type=pdf

@inproceedings{mccormack2005open,
	title={Open problems in evolutionary music and art},
	author={McCormack, Jon},
	booktitle={Workshops on Applications of Evolutionary Computation},
	pages={428--436},
	year={2005},
	organization={Springer}
}
http://users.monash.edu/~jonmc/research/Papers/OpenProblemsSV.pdf

@inproceedings{den2010comparing,
	title={Comparing aesthetic measures for evolutionary art},
	author={den Heijer, Eelco and Eiben, Agoston E},
	booktitle={European Conference on the Applications of Evolutionary Computation},
	pages={311--320},
	year={2010},
	organization={Springer}
}
http://eelcodenheijer.nl/publications/E-den-Heijer-and-AE-Eiben-Comparing-aesthetic-Measures-for-Evolutionary-Art-2010.pdf

@inproceedings{den2010using,
	title={Using aesthetic measures to evolve art},
	author={den Heijer, Eelco and Eiben, AE},
	booktitle={IEEE Congress on Evolutionary Computation},
	pages={1--8},
	year={2010},
	organization={IEEE}
}
http://www.eelcodenheijer.nl/publications/E-den-Heijer-and-AE-Eiben-Using-Aesthetic-Measures-to-evolve-Art-2010.pdf

@inproceedings{den2011evolving,
	title={Evolving art using multiple aesthetic measures},
	author={den Heijer, Eelco and Eiben, AE},
	booktitle={European Conference on the Applications of Evolutionary Computation},
	pages={234--243},
	year={2011},
	organization={Springer}
}
http://dare.ubvu.vu.nl/bitstream/handle/1871/34536/272336.pdf?sequence=1

@inproceedings{ekart2011modelling,
	title={Modelling human preference in evolutionary art},
	author={Ek{\'a}rt, Anik{\'o} and Sharma, Divya and Chalakov, Stayko},
	booktitle={European Conference on the Applications of Evolutionary Computation},
	pages={303--312},
	year={2011},
	organization={Springer}
}
https://research.aston.ac.uk/portal/files/502798/ekart.pdf

@article{den2014investigating,
	title={Investigating aesthetic measures for unsupervised evolutionary art},
	author={den Heijer, Eelco and Eiben, AE},
	journal={Swarm and Evolutionary Computation},
	volume={16},
	pages={52--68},
	year={2014},
	publisher={Elsevier}
}
https://s3.amazonaws.com/academia.edu.documents/37208620/sec2013.pdf?AWSAccessKeyId=AKIAIWOWYYGZ2Y53UL3A&Expires=1548899878&Signature=T98kzLvMluIDiePBw88y8MDxtiM%3D&response-content-disposition=inline%3B%20filename%3DInvestigating_aesthetic_measures_for_uns.pdf

@inproceedings{machado2014interface,
	title={An interface for fitness function design},
	author={Machado, Penousal and Martins, Tiago and Amaro, Hugo and Abreu, Pedro H},
	booktitle={International Conference on Evolutionary and Biologically Inspired Music and Art},
	pages={13--25},
	year={2014},
	organization={Springer}
}
https://cdv.dei.uc.pt/wp-content/uploads/2014/06/mmaa14.pdf

@incollection{den2015evolving,
	title={Evolving symmetric and balanced art},
	author={den Heijer, Eelco},
	booktitle={Computational Intelligence},
	pages={33--47},
	year={2015},
	publisher={Springer}
}

@inproceedings{den2012maintaining,
	title={Maintaining population diversity in evolutionary art},
	author={den Heijer, Eelco and Eiben, AE},
	booktitle={International Conference on Evolutionary and Biologically Inspired Music and Art},
	pages={60--71},
	year={2012},
	organization={Springer}
}
file:///home/konrad/Downloads/denheijer.pdf

@incollection{machado2015graph,
	title={Graph-based evolutionary art},
	author={Machado, Penousal and Correia, Joao and Assun{\c{c}}ao, Filipe},
	booktitle={Handbook of Genetic Programming Applications},
	pages={3--36},
	year={2015},
	publisher={Springer}
}
https://cdv.dei.uc.pt/wp-content/uploads/2017/11/MCA15.pdf

@incollection{bergen2011evolutionary,
	title={Evolutionary art using summed multi-objective ranks},
	author={Bergen, Steven and Ross, Brian J},
	booktitle={Genetic Programming Theory and Practice VIII},
	pages={227--244},
	year={2011},
	publisher={Springer}
}
https://link.springer.com/chapter/10.1007/978-1-4419-7747-2_14
