@book{intro-to-evolutionary-computing,
	title={Introduction to evolutionary computing},
	author={Eiben, Agoston E and Smith, James E and others},
	volume={53},
	year={2003},
	publisher={Springer}
}

@inproceedings{nevar,
	title={NEvAr--the assessment of an evolutionary art tool},
	author={Machado, Penousal and Cardoso, Am{\'\i}lcar},
	booktitle={Proceedings of the AISB00 Symposium on Creative \& Cultural Aspects and Applications of AI \& Cognitive Science, Birmingham, UK},
	volume={456},
	year={2000}
}

@article{sims,
	title={Interactive evolution of equations for procedural models},
	author={Sims, Karl},
	journal={The Visual Computer},
	volume={9},
	number={8},
	pages={466--476},
	year={1993},
	publisher={Springer}
}
This is a seminal paper that explored the use of Lisp expressions as a genotype for individuals involved in the evolutionary process of image generation.

\section{Graphs}

@article{mabu2007graph,
	title={A graph-based evolutionary algorithm: Genetic network programming (GNP) and its extension using reinforcement learning},
	author={Mabu, Shingo and Hirasawa, Kotaro and Hu, Jinglu},
	journal={Evolutionary Computation},
	volume={15},
	number={3},
	pages={369--398},
	year={2007},
	publisher={MIT Press}
}

@article{bryden2006graph,
	title={Graph-based evolutionary algorithms},
	author={Bryden, Kenneth Mark and Ashlock, Daniel A and Corns, Steven and Willson, Stephen J},
	journal={IEEE Transactions on Evolutionary Computation},
	volume={10},
	number={5},
	pages={550--567},
	year={2006},
	publisher={IEEE}
}

@incollection{spector2006trivial,
	title={Trivial geography in genetic programming},
	author={Spector, Lee and Klein, Jon},
	booktitle={Genetic programming theory and practice III},
	pages={109--123},
	year={2006},
	publisher={Springer}
}

@article{payne2009evolutionary,
	title={Evolutionary dynamics on scale-free interaction networks},
	author={Payne, Joshua L and Eppstein, Margaret J},
	journal={IEEE Transactions on Evolutionary Computation},
	volume={13},
	number={4},
	pages={895--912},
	year={2009},
	publisher={IEEE}
}

@article{birth-death-amplifiers,
	title={Most undirected random graphs are amplifiers of selection for birth-death dynamics, but suppressors of selection for death-birth dynamics},
	author={Hindersin, Laura and Traulsen, Arne},
	journal={PLoS computational biology},
	volume={11},
	number={11},
	pages={e1004437},
	year={2015},
	publisher={Public Library of Science}
}

@article{cooperation-on-graphs,
	title={A simple rule for the evolution of cooperation on graphs and social networks},
	author={Ohtsuki, Hisashi and Hauert, Christoph and Lieberman, Erez and Nowak, Martin A},
	journal={Nature},
	volume={441},
	number={7092},
	pages={502},
	year={2006},
	publisher={Nature Publishing Group}
}
https://www.ncbi.nlm.nih.gov/pmc/articles/PMC2430087/

@article{mixed-games,
	title={Evolutionary mixed games in structured populations: Cooperation and the benefits of heterogeneity},
	author={Amaral, Marco A and Wardil, Lucas and Perc, Matja{\v{z}} and da Silva, Jafferson KL},
	journal={Physical Review E},
	volume={93},
	number={4},
	pages={042304},
	year={2016},
	publisher={APS}
}

@article{lieberman2005evolutionary,
	title={Evolutionary dynamics on graphs},
	author={Lieberman, Erez and Hauert, Christoph and Nowak, Martin A},
	journal={Nature},
	volume={433},
	number={7023},
	pages={312},
	year={2005},
	publisher={Nature Publishing Group}
}

@article{graph-amplifiers,
	title={Construction of arbitrarily strong amplifiers of natural selection using evolutionary graph theory},
	author={Pavlogiannis, Andreas and Tkadlec, Josef and Chatterjee, Krishnendu and Nowak, Martin A},
	journal={Communications biology},
	volume={1},
	number={1},
	pages={71},
	year={2018},
	publisher={Nature Publishing Group}
}

@inproceedings{niche-reproduction,
	title={Lifeâ€™s what you make: Niche construction and evolutionary art},
	author={McCormack, Jon and Bown, Oliver},
	booktitle={Workshops on applications of evolutionary computation},
	pages={528--537},
	year={2009},
	organization={Springer}
}

@inproceedings{annunziato1998nagual,
	title={The nagual experiment},
	author={Annunziato, Mauro},
	booktitle={Proceedings of the First International Conference on Generative Art},
	pages={241--250},
	year={1998}
} This is the paper that inspired niche-reproduction in its use of line-drawing actors.

@inproceedings{bown2011ecosystemic,
	title={Ecosystemic methods for creative domains: Niche construction and boundary formation},
	author={Bown, Oliver and McCormack, Jon and Kowaliw, Taras},
	booktitle={2011 IEEE symposium on artificial life (ALIFE)},
	pages={132--139},
	year={2011},
	organization={IEEE}
}

\section{Aesthetic Measures for unsupervised evolution of artwork}

@article{johnson2019understanding,
	title={Understanding Aesthetics and Fitness Measures in Evolutionary Art Systems},
	author={Johnson, Colin G and McCormack, Jon and Santos, Iria and Romero, Juan},
	journal={Complexity},
	volume={2019},
	year={2019},
	publisher={Hindawi}
}

@misc{ralph-bell-curve,
	title={Painting the bell curve: The occurrence of the normal distribution in fine art},
	author={Ralph, W},
	year={2006},
	publisher={preparation}
}

@article{coevolutionary-artwork,
	title={Simulated aesthetics and evolving artworks: A coevolutionary approach},
	author={Greenfield, Gary R},
	journal={Leonardo},
	volume={35},
	number={3},
	pages={283--289},
	year={2002},
	publisher={MIT Press}
}

@inproceedings{den2010comparing,
	title={Comparing aesthetic measures for evolutionary art},
	author={den Heijer, Eelco and Eiben, Agoston E},
	booktitle={European Conference on the Applications of Evolutionary Computation},
	pages={311--320},
	year={2010},
	organization={Springer}
}

@inproceedings{aesthetic-measures,
	title={Evolutionary image synthesis using a model of aesthetics},
	author={Ross, Brian J and Ralph, William and Zong, Hai},
	booktitle={2006 IEEE International Conference on Evolutionary Computation},
	pages={1087--1094},
	year={2006},
	organization={IEEE},
	keywords={aesthetic-measures,evolutionary-art,unsupervised}
}

@article{den2014investigating,
	title={Investigating aesthetic measures for unsupervised evolutionary art},
	author={den Heijer, Eelco and Eiben, AE},
	journal={Swarm and Evolutionary Computation},
	volume={16},
	pages={52--68},
	year={2014},
	publisher={Elsevier},
	keywords={aesthetic-measures,evolutionary-art,unsupervised}
}

@inproceedings{den2010using,
	title={Using aesthetic measures to evolve art},
	author={den Heijer, Eelco and Eiben, AE},
	booktitle={IEEE Congress on Evolutionary Computation},
	pages={1--8},
	year={2010},
	organization={IEEE}
}

@inproceedings{den2011evolving,
	title={Evolving art using multiple aesthetic measures},
	author={den Heijer, Eelco and Eiben, AE},
	booktitle={European Conference on the Applications of Evolutionary Computation},
	pages={234--243},
	year={2011},
	organization={Springer}
}


\section{Distributed Evolutionary Algorithms}

@article{distributed-evolutionary-review,
	title={Distributed evolutionary algorithms and their models: A survey of the state-of-the-art},
	author={Gong, Yue-Jiao and Chen, Wei-Neng and Zhan, Zhi-Hui and Zhang, Jun and Li, Yun and Zhang, Qingfu and Li, Jing-Jing},
	journal={Applied Soft Computing},
	volume={34},
	pages={286--300},
	year={2015},
	publisher={Elsevier}
}

@inproceedings{hierarchical-genetic-algorithm,
	title={A hierarchical genetic algorithm using multiple models for optimization},
	author={Sefrioui, Mourad and P{\'e}riaux, Jacques},
	booktitle={International Conference on Parallel Problem Solving From Nature},
	pages={879--888},
	year={2000},
	organization={Springer}
}

@article{explorative-exploitative-evolutionary,
	title={Distributed differential evolution with explorative--exploitative population families},
	author={Weber, Matthieu and Neri, Ferrante and Tirronen, Ville},
	journal={Genetic Programming and Evolvable Machines},
	volume={10},
	number={4},
	pages={343},
	year={2009},
	publisher={Springer}
}

@article{scale-factor-evolution,
	title={Scale factor inheritance mechanism in distributed differential evolution},
	author={Weber, Matthieu and Tirronen, Ville and Neri, Ferrante},
	journal={Soft Computing},
	volume={14},
	number={11},
	pages={1187--1207},
	year={2010},
	publisher={Springer}
}
Uses a distributed island model with an inherited scale factor to determine not only individual's rate of exploration-exploitation, but that of the entire sub-population.

@article{rucinski2010impact,
	title={On the impact of the migration topology on the island model},
	author={Ruci{\'n}ski, Marek and Izzo, Dario and Biscani, Francesco},
	journal={Parallel Computing},
	volume={36},
	number={10-11},
	pages={555--571},
	year={2010},
	publisher={Elsevier}
}

@article{tang2007diversity,
	title={Diversity-adaptive parallel memetic algorithm for solving large scale combinatorial optimization problems},
	author={Tang, Jing and Lim, Meng Hiot and Ong, Yew Soon},
	journal={Soft Computing},
	volume={11},
	number={9},
	pages={873--888},
	year={2007},
	publisher={Springer}
}

\section{Diversity}

@inproceedings{distributed-evolutionary-art,
	title={Maintaining population diversity in evolutionary art using structured populations},
	author={den Heijer, Eelco and Eiben, AE},
	booktitle={2013 IEEE Congress on Evolutionary Computation},
	pages={529--536},
	year={2013},
	organization={IEEE}
}

@inproceedings{den2012maintaining,
	title={Maintaining population diversity in evolutionary art},
	author={den Heijer, Eelco and Eiben, AE},
	booktitle={International Conference on Evolutionary and Biologically Inspired Music and Art},
	pages={60--71},
	year={2012},
	organization={Springer}
}

@article{gupta2012overview,
	title={An overview of methods maintaining diversity in genetic algorithms},
	author={Gupta, Deepti and Ghafir, Shabina},
	journal={International journal of emerging technology and advanced engineering},
	volume={2},
	number={5},
	pages={56--60},
	year={2012}
}

@inproceedings{genotype-diversity-metric,
	title={A metric for genetic programs and fitness sharing},
	author={Ek{\'a}rt, Anik{\'o} and N{\'e}meth, Sandor Z},
	booktitle={European Conference on Genetic Programming},
	pages={259--270},
	year={2000},
	organization={Springer}
}

@inproceedings{phenotype-diversity-metric,
	title={Similarity of color images},
	author={Stricker, Markus Andreas and Orengo, Markus},
	booktitle={Storage and Retrieval for Image and Video Databases III},
	volume={2420},
	pages={381--393},
	year={1995},
	organization={International Society for Optics and Photonics}
}

\section{Quality Diversity}

@article{pugh2016quality,
	title={Quality diversity: A new frontier for evolutionary computation},
	author={Pugh, Justin K and Soros, Lisa B and Stanley, Kenneth O},
	journal={Frontiers in Robotics and AI},
	volume={3},
	pages={40},
	year={2016},
	publisher={Frontiers}
}

======== MAP-Elites, DNN, Image generation ========
@inproceedings{nguyen2015deep,
	title={Deep neural networks are easily fooled: High confidence predictions for unrecognizable images},
	author={Nguyen, Anh and Yosinski, Jason and Clune, Jeff},
	booktitle={Proceedings of the IEEE conference on computer vision and pattern recognition},
	pages={427--436},
	year={2015}
}

@inproceedings{nguyen2015innovation,
	title={Innovation engines: Automated creativity and improved stochastic optimization via deep learning},
	author={Nguyen, Anh Mai and Yosinski, Jason and Clune, Jeff},
	booktitle={Proceedings of the 2015 Annual Conference on Genetic and Evolutionary Computation},
	pages={959--966},
	year={2015},
	organization={ACM}
}

@inproceedings{nguyen2017plug,
	title={Plug \& play generative networks: Conditional iterative generation of images in latent space},
	author={Nguyen, Anh and Clune, Jeff and Bengio, Yoshua and Dosovitskiy, Alexey and Yosinski, Jason},
	booktitle={Proceedings of the IEEE Conference on Computer Vision and Pattern Recognition},
	pages={4467--4477},
	year={2017}
}

======== DNN for Fitness Evaluation ========
@inproceedings{burton1998genetic,
	title={Genetic algorithm utilising neural network fitness evaluation for musical composition},
	author={Burton, Anthony R and Vladimirova, Tanya},
	booktitle={Artificial Neural Nets and Genetic Algorithms},
	pages={219--223},
	year={1998},
	organization={Springer}
}

======== MAP-Elites =========
@article{mouret2015illuminating,
	title={Illuminating search spaces by mapping elites},
	author={Mouret, Jean-Baptiste and Clune, Jeff},
	journal={arXiv preprint arXiv:1504.04909},
	year={2015}
}

@article{vassiliades2018using,
	title={Using centroidal voronoi tessellations to scale up the multidimensional archive of phenotypic elites algorithm},
	author={Vassiliades, Vassilis and Chatzilygeroudis, Konstantinos and Mouret, Jean-Baptiste},
	journal={IEEE Transactions on Evolutionary Computation},
	volume={22},
	number={4},
	pages={623--630},
	year={2018},
	publisher={IEEE}
}

======= Novelty Search ========

@inproceedings{lehman2008exploiting,
	title={Exploiting open-endedness to solve problems through the search for novelty.},
	author={Lehman, Joel and Stanley, Kenneth O},
	booktitle={ALIFE},
	pages={329--336},
	year={2008}
}

@article{lehman2011abandoning,
	title={Abandoning objectives: Evolution through the search for novelty alone},
	author={Lehman, Joel and Stanley, Kenneth O},
	journal={Evolutionary computation},
	volume={19},
	number={2},
	pages={189--223},
	year={2011},
	publisher={MIT Press}
}

======== GAN ========
@inproceedings{GAN,
	title={Generative adversarial nets},
	author={Goodfellow, Ian and Pouget-Abadie, Jean and Mirza, Mehdi and Xu, Bing and Warde-Farley, David and Ozair, Sherjil and Courville, Aaron and Bengio, Yoshua},
	booktitle={Advances in neural information processing systems},
	pages={2672--2680},
	year={2014}
}

@article{springenberg2015unsupervised,
	title={Unsupervised and semi-supervised learning with categorical generative adversarial networks},
	author={Springenberg, Jost Tobias},
	journal={arXiv preprint arXiv:1511.06390},
	year={2015}
}

GAN Techniques Review
@article{han2018adversarial,
	title={Adversarial Training in Affective Computing and Sentiment Analysis: Recent Advances and Perspectives},
	author={Han, Jing and Zhang, Zixing and Cummins, Nicholas and Schuller, Bj{\"o}rn},
	journal={arXiv preprint arXiv:1809.08927},
	year={2018}
}

@article{lipton2015critical,
	title={A critical review of recurrent neural networks for sequence learning},
	author={Lipton, Zachary C and Berkowitz, John and Elkan, Charles},
	journal={arXiv preprint arXiv:1506.00019},
	year={2015}
} Gives great introduction and overview of neural networks and their benefits

@article{rawat2017deep,
	title={Deep convolutional neural networks for image classification: A comprehensive review},
	author={Rawat, Waseem and Wang, Zenghui},
	journal={Neural computation},
	volume={29},
	number={9},
	pages={2352--2449},
	year={2017},
	publisher={MIT Press}
} Review of neural networks for image object classification

@inproceedings{krizhevsky2012imagenet,
	title={Imagenet classification with deep convolutional neural networks},
	author={Krizhevsky, Alex and Sutskever, Ilya and Hinton, Geoffrey E},
	booktitle={Advances in neural information processing systems},
	pages={1097--1105},
	year={2012}
} Introduction of the convolutional neural network for image object classification.

@article{pan2009survey,
	title={A survey on transfer learning},
	author={Pan, Sinno Jialin and Yang, Qiang},
	journal={IEEE Transactions on knowledge and data engineering},
	volume={22},
	number={10},
	pages={1345--1359},
	year={2009},
	publisher={IEEE}
} Overview of transfer learning, pros, cons, etc.

@inproceedings{tsoumakas2002effective,
	title={Effective stacking of distributed classifiers},
	author={Tsoumakas, Grigorios and Vlahavas, Ioannis},
	booktitle={Ecai},
	volume={2002},
	pages={340--344},
	year={2002}
} Model stacking for distributed classifier training.

========  GAN Image Gen ======== 


@inproceedings{tan2017artgan,
	title={ArtGAN: Artwork synthesis with conditional categorical GANs},
	author={Tan, Wei Ren and Chan, Chee Seng and Aguirre, Hern{\'a}n E and Tanaka, Kiyoshi},
	booktitle={2017 IEEE International Conference on Image Processing (ICIP)},
	pages={3760--3764},
	year={2017},
	organization={IEEE}
}

@inproceedings{nguyen2016synthesizing,
	title={Synthesizing the preferred inputs for neurons in neural networks via deep generator networks},
	author={Nguyen, Anh and Dosovitskiy, Alexey and Yosinski, Jason and Brox, Thomas and Clune, Jeff},
	booktitle={Advances in Neural Information Processing Systems},
	pages={3387--3395},
	year={2016}
}

@article{gauthier2014conditional,
	title={Conditional generative adversarial nets for convolutional face generation},
	author={Gauthier, Jon},
	journal={Class Project for Stanford CS231N: Convolutional Neural Networks for Visual Recognition, Winter semester},
	volume={2014},
	number={5},
	pages={2},
	year={2014}
}

@inproceedings{bao2017cvae,
	title={CVAE-GAN: fine-grained image generation through asymmetric training},
	author={Bao, Jianmin and Chen, Dong and Wen, Fang and Li, Houqiang and Hua, Gang},
	booktitle={Proceedings of the IEEE International Conference on Computer Vision},
	pages={2745--2754},
	year={2017}
}

@article{perez2017effectiveness,
	title={The effectiveness of data augmentation in image classification using deep learning},
	author={Perez, Luis and Wang, Jason},
	journal={arXiv preprint arXiv:1712.04621},
	year={2017}
} Data augmentation techniques for small datasets.

======== Text to Image Synthesis ========

@article{reed2016generative,
	title={Generative adversarial text to image synthesis},
	author={Reed, Scott and Akata, Zeynep and Yan, Xinchen and Logeswaran, Lajanugen and Schiele, Bernt and Lee, Honglak},
	journal={arXiv preprint arXiv:1605.05396},
	year={2016}
}

@inproceedings{gan2017stylenet,
	title={Stylenet: Generating attractive visual captions with styles},
	author={Gan, Chuang and Gan, Zhe and He, Xiaodong and Gao, Jianfeng and Deng, Li},
	booktitle={Proceedings of the IEEE Conference on Computer Vision and Pattern Recognition},
	pages={3137--3146},
	year={2017}
}

@inproceedings{zhang2017stackgan,
	title={Stackgan: Text to photo-realistic image synthesis with stacked generative adversarial networks},
	author={Zhang, Han and Xu, Tao and Li, Hongsheng and Zhang, Shaoting and Wang, Xiaogang and Huang, Xiaolei and Metaxas, Dimitris N},
	booktitle={Proceedings of the IEEE International Conference on Computer Vision},
	pages={5907--5915},
	year={2017}
}

======== Image to Text Synthesis ========
@inproceedings{vinyals2015show,
	title={Show and tell: A neural image caption generator},
	author={Vinyals, Oriol and Toshev, Alexander and Bengio, Samy and Erhan, Dumitru},
	booktitle={Proceedings of the IEEE conference on computer vision and pattern recognition},
	pages={3156--3164},
	year={2015}
}

======== Image to Image Synthesis ========

@inproceedings{chen2017photographic,
	title={Photographic image synthesis with cascaded refinement networks},
	author={Chen, Qifeng and Koltun, Vladlen},
	booktitle={Proceedings of the IEEE International Conference on Computer Vision},
	pages={1511--1520},
	year={2017}
}

@inproceedings{sangkloy2017scribbler,
	title={Scribbler: Controlling deep image synthesis with sketch and color},
	author={Sangkloy, Patsorn and Lu, Jingwan and Fang, Chen and Yu, Fisher and Hays, James},
	booktitle={Proceedings of the IEEE Conference on Computer Vision and Pattern Recognition},
	pages={5400--5409},
	year={2017}
}

======== Image captioning ========
@article{hossain2019comprehensive,
	title={A Comprehensive Survey of Deep Learning for Image Captioning},
	author={Hossain, MD and Sohel, Ferdous and Shiratuddin, Mohd Fairuz and Laga, Hamid},
	journal={ACM Computing Surveys (CSUR)},
	volume={51},
	number={6},
	pages={118},
	year={2019},
	publisher={ACM}
}

======== Emotional Generative ========
@inproceedings{mathews2016senticap,
	title={Senticap: Generating image descriptions with sentiments},
	author={Mathews, Alexander Patrick and Xie, Lexing and He, Xuming},
	booktitle={Thirtieth AAAI Conference on Artificial Intelligence},
	year={2016}
}

@article{ali2017emotional,
	title={Emotional Filters: Automatic Image Transformation for Inducing Affect},
	author={Ali, Afsheen Rafaqat and Ali, Mohsen},
	journal={arXiv preprint arXiv:1707.08148},
	year={2017}
}

======= Image emotion classification =======
==== Feature extraction


@inproceedings{machajdik2010affective,
	title={Affective image classification using features inspired by psychology and art theory},
	author={Machajdik, Jana and Hanbury, Allan},
	booktitle={Proceedings of the 18th ACM international conference on Multimedia},
	pages={83--92},
	year={2010},
	organization={ACM}
}

@inproceedings{zhao2014exploring,
	title={Exploring principles-of-art features for image emotion recognition},
	author={Zhao, Sicheng and Gao, Yue and Jiang, Xiaolei and Yao, Hongxun and Chua, Tat-Seng and Sun, Xiaoshuai},
	booktitle={Proceedings of the 22nd ACM international conference on Multimedia},
	pages={47--56},
	year={2014},
	organization={ACM}
}

==== DNN

@inproceedings{gatys2016image,
	title={Image style transfer using convolutional neural networks},
	author={Gatys, Leon A and Ecker, Alexander S and Bethge, Matthias},
	booktitle={Proceedings of the IEEE conference on computer vision and pattern recognition},
	pages={2414--2423},
	year={2016}
}

== Art Emotion
@article{wangarttalk,
	title={ArtTalk: Labeling Images with Thematic and Emotional Content},
	author={Wang, Yifan and Lewis, Mana},
	year={2017}
}

== Image Emotion
@article{kim2018building,
	title={Building emotional machines: Recognizing image emotions through deep neural networks},
	author={Kim, Hye-Rin and Kim, Yeong-Seok and Kim, Seon Joo and Lee, In-Kwon},
	journal={IEEE Transactions on Multimedia},
	volume={20},
	number={11},
	pages={2980--2992},
	year={2018},
	publisher={IEEE}
}

@inproceedings{borth2013large,
	title={Large-scale visual sentiment ontology and detectors using adjective noun pairs},
	author={Borth, Damian and Ji, Rongrong and Chen, Tao and Breuel, Thomas and Chang, Shih-Fu},
	booktitle={Proceedings of the 21st ACM international conference on Multimedia},
	pages={223--232},
	year={2013},
	organization={ACM}
}

@article{chen2014deepsentibank,
	title={Deepsentibank: Visual sentiment concept classification with deep convolutional neural networks},
	author={Chen, Tao and Borth, Damian and Darrell, Trevor and Chang, Shih-Fu},
	journal={arXiv preprint arXiv:1410.8586},
	year={2014}
}

@article{yang2018visual,
	title={Visual sentiment prediction based on automatic discovery of affective regions},
	author={Yang, Jufeng and She, Dongyu and Sun, Ming and Cheng, Ming-Ming and Rosin, Paul L and Wang, Liang},
	journal={IEEE Transactions on Multimedia},
	volume={20},
	number={9},
	pages={2513--2525},
	year={2018},
	publisher={IEEE}
}

@article{zhao2017continuous,
	title={Continuous probability distribution prediction of image emotions via multitask shared sparse regression},
	author={Zhao, Sicheng and Yao, Hongxun and Gao, Yue and Ji, Rongrong and Ding, Guiguang},
	journal={IEEE Transactions on Multimedia},
	volume={19},
	number={3},
	pages={632--645},
	year={2017},
	publisher={IEEE}
}

@article{joshi2011aesthetics,
	title={Aesthetics and emotions in images},
	author={Joshi, Dhiraj and Datta, Ritendra and Fedorovskaya, Elena and Luong, Quang-Tuan and Wang, James Z and Li, Jia and Luo, Jiebo},
	journal={IEEE Signal Processing Magazine},
	volume={28},
	number={5},
	pages={94--115},
	year={2011},
	publisher={IEEE}
}

@inproceedings{gygli2013interestingness,
	title={The interestingness of images},
	author={Gygli, Michael and Grabner, Helmut and Riemenschneider, Hayko and Nater, Fabian and Van Gool, Luc},
	booktitle={Proceedings of the IEEE International Conference on Computer Vision},
	pages={1633--1640},
	year={2013}
}

@inproceedings{chen2015learning,
	title={Learning deep features for image emotion classification},
	author={Chen, Ming and Zhang, Lu and Allebach, Jan P},
	booktitle={2015 IEEE International Conference on Image Processing (ICIP)},
	pages={4491--4495},
	year={2015},
	organization={IEEE}
}

======= Image Sentiment ========
@inproceedings{you2015robust,
	title={Robust image sentiment analysis using progressively trained and domain transferred deep networks},
	author={You, Quanzeng and Luo, Jiebo and Jin, Hailin and Yang, Jianchao},
	booktitle={Twenty-Ninth AAAI Conference on Artificial Intelligence},
	year={2015}
}


======= Circumplex Model =======

@article{russell1980circumplex,
	title={A circumplex model of affect.},
	author={Russell, James A},
	journal={Journal of personality and social psychology},
	volume={39},
	number={6},
	pages={1161},
	year={1980},
	publisher={American Psychological Association}
}

@article{larsen1992promises,
	title={Promises and problems with the circumplex model of emotion.},
	author={Larsen, Randy J and Diener, Edward},
	year={1992},
	publisher={Sage Publications, Inc}
}

@article{russell1989cross,
	title={A cross-cultural study of a circumplex model of affect.},
	author={Russell, James A and Lewicka, Maria and Niit, Toomas},
	journal={Journal of personality and social psychology},
	volume={57},
	number={5},
	pages={848},
	year={1989},
	publisher={American Psychological Association}
} Experiments looking to validate the circumplex model of affect. Found that cross-culturally and cross-lingually, the separation of discrete emotions tended towards that of the circumplex model.

@article{remington2000reexamining,
	title={Reexamining the circumplex model of affect.},
	author={Remington, Nancy A and Fabrigar, Leandre R and Visser, Penny S},
	journal={Journal of personality and social psychology},
	volume={79},
	number={2},
	pages={286},
	year={2000},
	publisher={American Psychological Association}
} Study investigating the validity of the circumplex model with respect to previously conducted studies to ensure that the findings of such studies were not nullified due not using better statistical methods. The findings of this were that despite 10 of the studies providing mixed support for the model, model fit was typically acceptable.

@article{bradley1994measuring,
	title={Measuring emotion: the self-assessment manikin and the semantic differential},
	author={Bradley, Margaret M and Lang, Peter J},
	journal={Journal of behavior therapy and experimental psychiatry},
	volume={25},
	number={1},
	pages={49--59},
	year={1994},
	publisher={Elsevier}
} Compares the self-assessment manikin to the semantic differential method of assessing emotion. The semantic differential method involved the comparison of 18 different bipolar adjective pairs which was significantly more complex than the three dimensions of SAM, and was shown to be more accurate.

@article{lang1980behavioral,
	title={Behavioral treatment and bio-behavioral assessment: Computer applications},
	author={Lang, Peter J},
	year={1980},
	publisher={Ablex}
} The self-assessment manikin was introduced in this paper.

@article{warriner2013norms,
	title={Norms of valence, arousal, and dominance for 13,915 English lemmas},
	author={Warriner, Amy Beth and Kuperman, Victor and Brysbaert, Marc},
	journal={Behavior research methods},
	volume={45},
	number={4},
	pages={1191--1207},
	year={2013},
	publisher={Springer}
}

======== Image Clustering and Search through decomposition ========
@article{singh2019camera,
	title={Camera Obscurer: Generative Art for Design Inspiration},
	author={Singh, Dilpreet and Rajcic, Nina and Colton, Simon and McCormack, Jon},
	journal={arXiv preprint arXiv:1903.02165},
	year={2019}
}

======== Facial Emotion Recognition
@inproceedings{mollahosseini2016going,
	title={Going deeper in facial expression recognition using deep neural networks},
	author={Mollahosseini, Ali and Chan, David and Mahoor, Mohammad H},
	booktitle={2016 IEEE Winter conference on applications of computer vision (WACV)},
	pages={1--10},
	year={2016},
	organization={IEEE}
}
Using deep neural networks for facial expression recognition.

@article{dailey2010evidence,
	title={Evidence and a computational explanation of cultural differences in facial expression recognition.},
	author={Dailey, Matthew N and Joyce, Carrie and Lyons, Michael J and Kamachi, Miyuki and Ishi, Hanae and Gyoba, Jiro and Cottrell, Garrison W},
	journal={Emotion},
	volume={10},
	number={6},
	pages={874},
	year={2010},
	publisher={American Psychological Association}
} Research that found that ingroup-bias of cross-cultural facial emotion recognition was replicated when training a neurocomputational model, replicating the ingroup-bias through oversampling from one class over another.

@article{susskind2007human,
	title={Human and computer recognition of facial expressions of emotion},
	author={Susskind, JM and Littlewort, G and Bartlett, MS and Movellan, J and Anderson, AK},
	journal={Neuropsychologia},
	volume={45},
	number={1},
	pages={152--162},
	year={2007},
	publisher={Elsevier}
}

======== Text Emotion
@inproceedings{binali2010computational,
	title={Computational approaches for emotion detection in text},
	author={Binali, Haji and Wu, Chen and Potdar, Vidyasagar},
	booktitle={4th IEEE International Conference on Digital Ecosystems and Technologies},
	pages={172--177},
	year={2010},
	organization={IEEE}
} Text emotion detection using SVM classifier


======== Art Emotion Datasets =======
@inproceedings{mohammad2018wikiart,
	title={WikiArt Emotions: An Annotated Dataset of Emotions Evoked by Art},
	author={Mohammad, Saif and Kiritchenko, Svetlana},
	booktitle={Proceedings of the Eleventh International Conference on Language Resources and Evaluation (LREC-2018)},
	year={2018}
}

@inproceedings{zhao2016predicting,
	title={Predicting personalized emotion perceptions of social images},
	author={Zhao, Sicheng and Yao, Hongxun and Gao, Yue and Ji, Rongrong and Xie, Wenlong and Jiang, Xiaolei and Chua, Tat-Seng},
	booktitle={Proceedings of the 24th ACM international conference on Multimedia},
	pages={1385--1394},
	year={2016},
	organization={ACM}
}

======= Image Emotion Culture
@article{huang2015affective,
	title={Affective reactions differ between Chinese and American healthy young adults: a cross-cultural study using the international affective picture system},
	author={Huang, Jinwen and Xu, Dongrong and Peterson, Bradley S and Hu, Jianbo and Cao, Linfeng and Wei, Ning and Zhang, Yingran and Xu, Weijuan and Xu, Yi and Hu, Shaohua},
	journal={BMC psychiatry},
	volume={15},
	number={1},
	pages={60},
	year={2015},
	publisher={BioMed Central}
} Looking at the valence-arousal values assigned to images by both groups of people from the US and from China, and how they differed. Within the study, scores of valence differed significantly for 31.74% of the images for females, 20.22% for males, and significantly differed in arousal of images by 15.93% for females, and 15.93% for males.

======== Culture Emotion
@article{markus1991culture,
	title={Culture and the self: Implications for cognition, emotion, and motivation.},
	author={Markus, Hazel R and Kitayama, Shinobu},
	journal={Psychological review},
	volume={98},
	number={2},
	pages={224},
	year={1991},
	publisher={American Psychological Association}
}

======== Psychology 
@article{harnad2003categorical,
	title={Categorical perception},
	author={Harnad, Stevan},
	year={2003},
	publisher={Nature Publishing Group: Macmillan}
} Research looking at ability with which humans are able to accurately determine categorical vs continuous values.

@article{glickman1995glicko,
	title={The glicko system},
	author={Glickman, Mark E},
	journal={Boston University},
	year={1995}
}

@article{glickman2012example,
	title={Example of the Glicko-2 system},
	author={Glickman, Mark E},
	journal={Boston University},
	pages={1--6},
	year={2012}
} Glicko2 is a system for normalising comparative ratings and rankings

@article{sloman2001beyond,
	title={Beyond shallow models of emotion},
	author={Sloman, Aaron and others},
	journal={Cognitive Processing},
	volume={2},
	number={1},
	pages={177--198},
	year={2001}
}

======== Affective Computing =======
@article{cambria2016affective,
	title={Affective computing and sentiment analysis},
	author={Cambria, Erik},
	journal={IEEE Intelligent Systems},
	volume={31},
	number={2},
	pages={102--107},
	year={2016},
	publisher={IEEE}
}

@inproceedings{gunes2011emotion,
	title={Emotion representation, analysis and synthesis in continuous space: A survey},
	author={Gunes, Hatice and Schuller, Bj{\"o}rn and Pantic, Maja and Cowie, Roddy},
	booktitle={Face and Gesture 2011},
	pages={827--834},
	year={2011},
	organization={IEEE}
}
